@report{repSpencer,
  author       = {F. W. Spencer},
  title        = {Visual inspection research project report on benchmark inspections},
  institution    = {Federal Aviation Administration, Office of Aviation Research},
  year         = {1996},
}

@Article{artLock,
  author       = {M. Lock},
  title        = {Human and Workplace Factors Affecting Reliability in Aircraft Inspection},
  journal      = {Insight},
  year         = {1995}
}

@Article{artRey,
  author       = {R.L. Reynolds and F. Karpala and D.A. Clarke and O.L. Hageniers},
  title        = {Theory and applications of a surface inspection technique using double-pass retroreflection},
  journal      = {Optical Engineering},
  year         = {1993},
}

@Article{artLena,
  author       = {Verma, Om and Hanmandlu, Madasu and Sultania, Ashish and Parihar, Anil},
  title        = {A novel fuzzy system for edge detection in noisy image using bacterial foraging},
  journal      = {Multidimensional Systems and Signal Processing},
  year         = {2013},
}

@Article{artKom,
  author       = {J. P. Komorowski and N. C. Bellinger and R. W. Gould and D. S. Forsyth and G. F. Eastaugh},
  title        = {Research in corrosion of ageing transport aircraft structures at SMPL},
  journal      = {CASI Journal},
  year         = {2001}
}

@inproceedings{confpaperHeida,
  author       = {J.H. Heida and A.J.A. Bruinsma},
  title        = {D-Sight technique for rapid impact damage detection on composite aircraft structures},
  crossref     = {ecndt},
}

@proceedings{ecndt,
  booktitle    = {Proceedings of 7TH ECNDT '98},
  year         = {1998}
}

@report{repGould,
author         = {J. P. Komorowski and R.W. Gould},
title          = {Boeing 727 aft belly skin inspection for corrosion},
institution    = {Federal Aviation Administration, Office of Aviation Research},
year           = {1994}
}

@Article{artMalekzadeh,
  author       = {T. Malekzadeh and M. Abdollahzadeh and H. Nejati and N.M. Cheung},
  title        = {AIRCRAFT FUSELAGE DEFECT DETECTION USING DEEP NEURAL NETWORKS},
  journal      = {arXiv preprint arXiv:1712.09213.},
  year         = {2017},
}

@Article{artMaaten,
  author       = {L.J.P. van der Maaten and G. Hinton},
  title        = {Visualizing High-Dimensional Data Using t-SNE},
  journal      = {Journal of Machine Learning Research},
  year         = {2008},
}

@Article{artHough,
  author       = {Navid Khalili Dizaji and Nazila Masoudi and Aidin Sakhvati},
  title        = {A new Method to Detect Circles in Images Based on Genetic Algorithms},
  journal      = {International Journal of Intelligent Information Systems. Special Issue: Research and Practices in Information Systems and Technologies in Developing Countries},
  year         = {2014},
}

@Article{artLi,
  author       = {Y. Li and H. Huang and Q. Xie and L. Yao and Q. Chen},
  title        = {Research on a Surface Defect Detection Algorithm
Based on MobileNet-SSD},
  journal      = {applied sciences},
  year         = {2018},
}

@Article{artSzegedy,
  author       = {Christian Szegedy and Wei Liu and Yangqing Jia and Pierre Sermanet and Scott Reed and Dragomir Anguelov and Dumitru Erhan and Vincent Vanhoucke and Andrew Rabinovich},
  title        = {Going deeper with convolutions},
  journal      = {2015 IEEE Conference on Computer Vision and Pattern Recognition (CVPR)},
  year         = {2015},
}

@Article{artSzegedyRet,
  author       = {Christian Szegedy and Vincent Vanhoucke and Sergey Ioffe and Jon Shlens and Zbigniew Wojna},
  title        = {Rethinking the Inception Architecture for Computer Vision},
  journal      = {2016 IEEE Conference on Computer Vision and Pattern Recognition (CVPR)},
  year         = {2016}
}

@Book{artCha1,
  author       = {Young-Jin Cha and Wooram Choi},
  title        = {Vision-Based Concrete Crack Detection Using a Convolutional Neural Network in Caicedo J., Pakzad S. (eds) Dynamics of Civil Structures, Volume 2. Conference Proceedings of the Society for Experimental Mechanics Series.},
  publisher    = {Springer, Cham.},
  year         = {2017},
}

@Article{artCha2,
  author       = {Young-Jin Cha and Wooram Choi and Gahyun Suh and Sadegh Mahmoudkhani and Oral Buyukozturk},
  title        = {Autonomous Structural Visual Inspection Using Region-Based Deep Learning for Detecting Multiple Damage Types},
  journal      = {Computer-Aided Civil and Infrastructure Engineering},
  year         = {2017},
}

@Article{artSkib,
  author       = {Yafei Wang and Guangxu Cheng},
  title        = {Application of gradient-based Hough transform to the detection of corrosion pits in optical images},
  journal      = {Applied Surface Science},
  year         = {2016}
}

@Article{artWang,
  author       = {Sangwook Lee and Luh-Maan Chang and Miroslaw Skibniewski},
  title        = {Automated recognition of surface defects using digital color image processing},
  journal      = {Automation in Construction},
  year         = {2006}
}

@Article{artHoang,
  author       = {Nhat-Duc Hoang and Van-Duc Tran},
  title        = {Image Processing-Based Detection of Pipe Corrosion Using Texture Analysis and Metaheuristic-Optimized Machine Learning Approach},
  journal      = {Computational Intelligence and Neuroscience},
  year         = {2019}
}

@Article{artSiegel,
  author       = {Priyan Gunatilake and M.W. Siegel and A.J. Jordan and G. Podnar},
  title        = {Image Enhancement and Understanding for Remote Visual Inspection of Aircraft Surface.},
  journal      = {Nondestructive Evaluation of Aging Aircraft, Airports, and Aerospace Hardware},
  year         = {1996}
}

@MISC{artSiegel2,
    author = {Mel Siegel and Priyan Gunatilake},
    title = {Enhanced Remote Visual Inspection of Aircraft Skin},
    year = {1997}
}

@Article{artShen,
  author       = {Zejiang Shen and Xili Wan and Feng Ye and Xinjie Guan and Shuwen Liu},
  title        = { Deep learning based framework for automatic damage detection in aircraft engine borescope inspection.},
  journal      = {2019 International Conference on Computing, Networking and Communications (ICNC)},
  year         = {2019}
}

@inproceedings{artVggf,
  author       = {Wozniak, Piotr and Afrisal, Hadha and Esparza, Rigel and Kwolek, Bogdan},
  title        = {Scene Recognition for Indoor Localization of Mobile Robots Using Deep CNN},
  year         = {2018},
}


@incollection{artCnn,
title = "Chapter 10 - Convolutional neural networks",
editor = "Andrea Mechelli and Sandra Vieira",
booktitle = "Machine Learning",
publisher = "Academic Press",
pages = "173 - 191",
year = "2020",
isbn = "978-0-12-815739-8",
doi = "https://doi.org/10.1016/B978-0-12-815739-8.00010-9",
url = "http://www.sciencedirect.com/science/article/pii/B9780128157398000109",
author = "Walter Hugo {Lopez Pinaya} and Sandra Vieira and Rafael Garcia-Dias and Andrea Mechelli"
}

@Article{artresnet,
  author       = {J. Redmon and S. Kaiming He and Xiangyu Zhang and Shaoqing Ren and Jian Sun},
  title        = {Deep residual learning for image recognition},
  journal      = {Proceedings of the IEEE conference on computer vision and pattern recognition },
  year         = {2016}
}

@Article{artRen,
  author       = {Ivan Ren and Feraidoon Zahiri and Gregory Sutton and Thomas Kurfess and Christopher Saldana},
  title        = {A Deep Ensemble Classifier for Surface Defect Detection in Aircraft Visual Inspection},
  journal      = {Smart and Sustainable Manufacturing Systems},
  year         = {2020},
}

@misc{ajax,
  key          = {w3schools},
  title        = {What is AJAX?},
  howpublished = {\url{https://www.w3schools.com/whatis/whatis_ajax.asp}},
  note         = {Accessed: 2020-12-29}
}

@misc{browsers,
  key          = {GlobalStats statcounter},
  title        = {Desktop Browser Market Share Worldwide},
  howpublished = {\url{https://gs.statcounter.com/browser-market-share/desktop/worldwide}},
  note         = {Accessed: 2020-12-31}
}

@Article{artEffNet,
  author       = {Mingxing Tan and Quoc V. Le},
  title        = {EfficientNet: Rethinking Model Scaling for Convolutional Neural Networks},
  journal      = {arXiv preprint arXiv:1905.11946v3},
  year         = {2019},
}

@Article{gradCam,
  author       = {Ramprasaath R. Selvaraju and Michael Cogswell and Abhishek Das and Ramakrishna Vedantam and Devi Parikh and Dhruv Batra},
  title        = {Grad-CAM: Visual Explanations from Deep Networks via Gradient-based Localization},
  journal      = {arXiv preprint arXiv:1610.02391v4},
  year         = {2019},
}

@Article{artykul2011,
  author       = {Autor},
  title        = {Artyku{\l} w czasopi{\'s}mie},
  journal      = {Czasopismo},
  year         = {2011},
  note         = {W materia{\l}ach {\'z}r{\'o}d{\l}owych powinny
                  znale{\'z}{\'c} si{\k{e}} tylko najwa{\.z}niejsze
                  pozycje odnosz{\k{a}}ce si{\k{e}} do nietypowych
                  sk{\l}adowych rozwi{\k{a}}zania}
}

@Book{ksiazka2011,
  author       = {Autor},
  title        = {Ksi{\k{a}}{\.z}ka},
  publisher    = {Wydawnictwo},
  year         = {2011}
}

@Misc{narzedzie2011,
  key          = {narzedzie},
  title        = {Narz{\k{e}}dzie/technologia},
  howpublished = {\url{strona.internetowa.narzedzia}}
}

@Misc{projekt2011,
  author       = {Autor},
  title        = {Inny projekt},
  howpublished = {\url{strona.internetowa.projektu}},
  year         = 2011
}
